<collection><record><leader>00770nam a2200253Ii 4500</leader><controlfield tag="001">ocm02503031</controlfield><controlfield tag="005">19860911180256.0</controlfield><controlfield tag="008">761014s1944    ag            000 1 spa d</controlfield><datafield ind1=" " ind2=" " tag="020"><subfield code="a">9781041740192</subfield></datafield><datafield ind1=" " ind2=" " tag="040"><subfield code="a">TXI</subfield><subfield code="c">TXI</subfield><subfield code="d">m.c.</subfield><subfield code="d">IOG</subfield><subfield code="d">WaOLN</subfield><subfield code="d">UtOrBLW</subfield></datafield><datafield ind1="1" ind2=" " tag="041"><subfield code="a">spa</subfield></datafield><datafield ind1=" " ind2=" " tag="049"><subfield code="a">IOGA</subfield></datafield><datafield ind1=" " ind2=" " tag="090"><subfield code="a">PQ6639.N3</subfield><subfield code="b">V5x 1944</subfield></datafield><datafield ind1=" " ind2=" " tag="090"><subfield code="a">PQ6639.N3</subfield><subfield code="b">V5x 1944</subfield><subfield code="m">IOGA</subfield><subfield code="i">35030000981130</subfield></datafield><datafield ind1="1" ind2=" " tag="100"><subfield code="a">Unamuno, Miguel de,</subfield><subfield code="d">1864-1936.</subfield></datafield><datafield ind1="1" ind2="0" tag="245"><subfield code="a">Viejos y jovenes /</subfield><subfield code="c">Miguel de Unamuno.</subfield></datafield><datafield ind1=" " ind2=" " tag="250"><subfield code="a">1. ed.</subfield></datafield><datafield ind1=" " ind2=" " tag="260"><subfield code="a">Buenos Aires :</subfield><subfield code="b">Espasa-Calpe Argentina,</subfield><subfield code="c">1944.</subfield></datafield><datafield ind1=" " ind2=" " tag="300"><subfield code="a">153 p. ;</subfield><subfield code="c">19 cm.</subfield></datafield><datafield ind1="1" ind2=" " tag="490"><subfield code="a">Coleccion austral ; 478.</subfield></datafield><datafield ind1=" " ind2="0" tag="830"><subfield code="a">Coleccion austral ; 478.</subfield></datafield><datafield ind1=" " ind2=" " tag="907"><subfield code="a">.b10981068</subfield><subfield code="b">06-16-09</subfield><subfield code="c">09-03-89</subfield></datafield><datafield ind1=" " ind2=" " tag="998"><subfield code="a">3rd</subfield><subfield code="b">09-11-86</subfield><subfield code="c">m</subfield><subfield code="d">a</subfield><subfield code="e">-</subfield><subfield code="f">spa</subfield><subfield code="g">ag </subfield><subfield code="h">0</subfield><subfield code="i">0</subfield></datafield><datafield ind1="e" ind2="b" tag="947" /></record>
</collection>